<record><leader>00000cas a22000007a 4500</leader><controlfield tag="001">22185839</controlfield><controlfield tag="008">900806d19391953nhuwr ne      0    0eng d</controlfield><datafield ind1=" " ind2=" " tag="010"><subfield code="a">sn 90062328 </subfield></datafield><datafield ind1=" " ind2=" " tag="040"><subfield code="a">NVH</subfield><subfield code="b">eng</subfield><subfield code="c">NVH</subfield><subfield code="d">OCLCQ</subfield></datafield><datafield ind1=" " ind2=" " tag="042"><subfield code="a">msc</subfield></datafield><datafield ind1="0" ind2=" " tag="130"><subfield code="a">Hampton union (Hampton, N.H. : 1939)</subfield></datafield><datafield ind1="1" ind2="4" tag="245"><subfield code="a">The Hampton union.</subfield></datafield><datafield ind1="1" ind2="7" tag="246"><subfield code="a">Hampton union and Rockingham County gazette</subfield></datafield><datafield ind1=" " ind2=" " tag="260"><subfield code="a">Hampton, N.H. :</subfield><subfield code="b">Hampton Pub.</subfield></datafield><datafield ind1=" " ind2=" " tag="300"><subfield code="a">v.</subfield></datafield><datafield ind1=" " ind2=" " tag="310"><subfield code="a">Weekly</subfield></datafield><datafield ind1="0" ind2=" " tag="362"><subfield code="a">Vol. 40, no. 44 (Nov. 2, 1939)-v. 56, no. 22 (Nov. 12, 1953).</subfield></datafield><datafield ind1=" " ind2=" " tag="752"><subfield code="a">United States</subfield><subfield code="b">New Hampshire</subfield><subfield code="c">Rockingham</subfield><subfield code="d">Hampton.</subfield></datafield><datafield ind1="0" ind2="0" tag="780"><subfield code="t">Hampton union and Rockingham County gazette (Hampton, N.H. : 1930)</subfield><subfield code="w">(DLC)sn 90062327</subfield></datafield><datafield ind1="0" ind2="0" tag="785"><subfield code="t">Hampton union and Rockingham County gazette (Hampton, N.H. : 1953)</subfield><subfield code="w">(DLC)sn 90062329</subfield></datafield></record>